<?xml version="1.0" encoding="UTF-8"?><record xmlns="http://www.loc.gov/MARC21/slim" xmlns:cinclude="http://apache.org/cocoon/include/1.0" xmlns:zs="http://www.loc.gov/zing/srw/">
  <leader>00482nz  a2200133n  4500</leader>
  <controlfield tag="001">n  87841359 </controlfield>
  <controlfield tag="003">DLC</controlfield>
  <controlfield tag="005">19880804081338.2</controlfield>
  <controlfield tag="008">880531n| acannaab|          |a aaa |||  </controlfield>
  <datafield tag="010" ind1=" " ind2=" ">
    <subfield code="a">n  87841359 </subfield>
  </datafield>
  <datafield tag="040" ind1=" " ind2=" ">
    <subfield code="a">DLC</subfield>
    <subfield code="c">DLC</subfield>
  </datafield>
  <datafield tag="100" ind1="1" ind2="0">
    <subfield code="a">Marthabaya, Sophian,</subfield>
    <subfield code="d">1953-</subfield>
  </datafield>
  <datafield tag="400" ind1="0" ind2="0">
    <subfield code="a">Sophian Marthabaya,</subfield>
    <subfield code="d">1953-</subfield>
  </datafield>
  <datafield tag="670" ind1=" " ind2=" ">
    <subfield code="a">Indra, M. R. Peristiwa-peristiwa di sekitar proklamasi ... 1987:</subfield>
    <subfield code="b">t.p. (Sophian Marthabaya, S.H.) p. 4 of cover (b. 11/10/53; staf pengajar tetap, Fak. Hukum, Univ. Indonesia)</subfield>
  </datafield>
</record>